<record><leader>00000cas a2200000 a 4500</leader><controlfield tag="001">58733628</controlfield><controlfield tag="008">050331d19431946cauwr ne      0    0eng c</controlfield><datafield ind1=" " ind2=" " tag="010"><subfield code="a">sn2005061003</subfield></datafield><datafield ind1=" " ind2=" " tag="040"><subfield code="a">CNK</subfield><subfield code="b">eng</subfield><subfield code="c">CNK</subfield><subfield code="d">CNK</subfield><subfield code="d">OCLCQ</subfield><subfield code="d">OCLCF</subfield><subfield code="d">OCLCO</subfield></datafield><datafield ind1="1" ind2=" " tag="029"><subfield code="a">AU@</subfield><subfield code="b">000026870367</subfield></datafield><datafield ind1=" " ind2=" " tag="042"><subfield code="a">pcc</subfield></datafield><datafield ind1=" " ind2=" " tag="043"><subfield code="a">n-us-ca</subfield></datafield><datafield ind1="0" ind2=" " tag="130"><subfield code="a">Topanga journal and Malibu monitor (Topanga, Calif. : 1943)</subfield></datafield><datafield ind1="1" ind2="0" tag="245"><subfield code="a">Topanga journal and Malibu monitor.</subfield></datafield><datafield ind1="1" ind2="3" tag="246"><subfield code="a">Topanga journal</subfield><subfield code="f">Aug. 6, 1943-Nov. 10, 1944</subfield></datafield><datafield ind1=" " ind2=" " tag="260"><subfield code="a">Topanga (Los Angeles Co.), Calif. :</subfield><subfield code="b">Hugh Harlan</subfield></datafield><datafield ind1=" " ind2=" " tag="300"><subfield code="a">v.</subfield></datafield><datafield ind1=" " ind2=" " tag="310"><subfield code="a">Weekly</subfield></datafield><datafield ind1="0" ind2=" " tag="362"><subfield code="a">Vol. 2, no. 11 (Aug. 6, 1943)-v. 5, no. 18 (Sept. 20, 1946).</subfield></datafield><datafield ind1=" " ind2=" " tag="500"><subfield code="a">"And Malibu Monitor" appears in smaller print below "Topanga Journal."</subfield></datafield><datafield ind1=" " ind2=" " tag="530"><subfield code="a">Master negatives are available for duplication from:</subfield><subfield code="b">California Newspaper Microfilm Archive;</subfield><subfield code="c">positive copies may be purchased by the reel; for further information consult the CNMA at:</subfield><subfield code="u">http://cbsr.ucr.edu</subfield></datafield><datafield ind1=" " ind2="0" tag="651"><subfield code="a">Topanga (Calif.)</subfield><subfield code="v">Newspapers.</subfield></datafield><datafield ind1=" " ind2="0" tag="651"><subfield code="a">Malibu (Calif.)</subfield><subfield code="v">Newspapers.</subfield></datafield><datafield ind1=" " ind2="7" tag="655"><subfield code="a">Newspapers.</subfield><subfield code="2">fast</subfield><subfield code="0">(OCoLC)fst01423814</subfield></datafield><datafield ind1=" " ind2="7" tag="651"><subfield code="a">California</subfield><subfield code="z">Malibu.</subfield><subfield code="2">fast</subfield><subfield code="0">(OCoLC)fst01208494</subfield></datafield><datafield ind1=" " ind2="7" tag="651"><subfield code="a">California</subfield><subfield code="z">Topanga.</subfield><subfield code="2">fast</subfield><subfield code="0">(OCoLC)fst01235030</subfield></datafield><datafield ind1=" " ind2=" " tag="752"><subfield code="a">United States</subfield><subfield code="b">California</subfield><subfield code="c">Los Angeles</subfield><subfield code="d">Topanga.</subfield></datafield><datafield ind1="0" ind2=" " tag="775"><subfield code="t">Malibu monitor</subfield><subfield code="w">(DLC)sn 84025614</subfield></datafield><datafield ind1="0" ind2="0" tag="780"><subfield code="t">Topanga journal (Topanga, Calif. : 1942)</subfield><subfield code="w">(DLC)sn2005061002</subfield></datafield><datafield ind1="0" ind2="0" tag="785"><subfield code="t">Topanga journal (Topanga, Calif. : 1946)</subfield><subfield code="w">(DLC)sn2005061004</subfield></datafield></record>